@BOOK{faroese,
author={Thráinsson, Höskuldur and Petersen, Hjalmar P. and Jacobsen, Jógvan í Lon and Svabo Hansen, Zakaris},
title={Faroese -- An Overview and Reference Grammar},
edition={2nd},
publisher={Faroe University Press and Linguistic Institute, University of Iceland},
year=2012,
location={Tórshavn and Reykjavík}
}
@book{icelandic,
author={Thráinsson, Höskuldur},
title={The Syntax of Icelandic},
publisher={Cambridge University Press},
year={2007},
location={Cambridge and New York and Melbourne and Madrid and Cape Town and Singapore and São Paulo}
}
@incollection{germanicIcelandic,
  author      = {Thráinsson, Höskuldur},
  title       = {Icelandic},
  editor      = "Ekkehard König and Johan van der Auwera",
  booktitle   = "The Germanic Languages",
  publisher   = "Routledge",
  address     = "London and New York",
  year        = 1994,
  pages       = "142-189",
  chapter     = 6,
}
@incollection{germanicFaroese,
  author      = {Michael P. Barnes and Eivind Weyhe},
  title       = {Faroese},
  editor      = "Ekkehard König and Johan van der Auwera",
  booktitle   = "The Germanic Languages",
  publisher   = "Routledge",
  address     = "London and New York",
  year        = 1994,
  pages       = "190-218",
  chapter     = 7,
}